<record><leader>00000cas a22000007a 4500</leader><controlfield tag="001">16291670</controlfield><controlfield tag="008">870727d192619uunjuwr ne      0    0eng d</controlfield><datafield ind1=" " ind2=" " tag="010"><subfield code="a">sn 87068110 </subfield></datafield><datafield ind1=" " ind2=" " tag="040"><subfield code="a">NJW</subfield><subfield code="b">eng</subfield><subfield code="c">NJW</subfield><subfield code="d">OCLCQ</subfield></datafield><datafield ind1=" " ind2=" " tag="042"><subfield code="a">msc</subfield></datafield><datafield ind1="0" ind2="0" tag="245"><subfield code="a">Passaic textile strikers.</subfield></datafield><datafield ind1="3" ind2="0" tag="246"><subfield code="a">Passaic textile strikers relief bulletin</subfield></datafield><datafield ind1=" " ind2=" " tag="260"><subfield code="a">Passaic, N.J. :</subfield><subfield code="b">General Relief Committee Textile Srtikers,</subfield><subfield code="c">1926-</subfield></datafield><datafield ind1=" " ind2=" " tag="310"><subfield code="a">Weekly</subfield></datafield><datafield ind1="0" ind2=" " tag="362"><subfield code="a">Vol. 1, no. 1 (Sept. 14, 1926)-</subfield></datafield><datafield ind1=" " ind2=" " tag="500"><subfield code="a">Masthead reads: "Passaic textile strikers relief bulletin."</subfield></datafield><datafield ind1=" " ind2=" " tag="752"><subfield code="a">United States</subfield><subfield code="b">New Jersey</subfield><subfield code="c">Passaic</subfield><subfield code="d">Passaic.</subfield></datafield><datafield ind1="0" ind2="0" tag="780"><subfield code="t">Textile strike bulletin</subfield><subfield code="w">(DLC)sn 87068120</subfield></datafield></record>